% Encoding: UTF-8

@Article{FearonLaitin_1996,
  author    = {Fearon, James D and Laitin, David D},
  title     = {Explaining interethnic cooperation},
  journal   = {American political science review},
  year      = {1996},
  volume    = {90},
  number    = {4},
  pages     = {715--735},
  publisher = {Cambridge University Press},
}

@Book{Varshney_2003,
  title     = {Ethnic conflict and civic life: Hindus and Muslims in India},
  publisher = {Yale University Press},
  year      = {2003},
  author    = {Varshney, Ashutosh},
}

@Article{LarsonLewis_2017,
  author    = {Larson, Jennifer M and Lewis, Janet I},
  title     = {Ethnic networks},
  journal   = {American Journal of Political Science},
  year      = {2017},
  volume    = {61},
  number    = {2},
  pages     = {350--364},
  publisher = {Wiley Online Library},
}

@Article{Posner_2004,
  author    = {Posner, Daniel N},
  title     = {Measuring ethnic fractionalization in Africa},
  journal   = {American journal of political science},
  year      = {2004},
  volume    = {48},
  number    = {4},
  pages     = {849--863},
  publisher = {Wiley Online Library},
}

@Article{Granovetter_1973,
  author    = {Granovetter, Mark S},
  title     = {The strength of weak ties},
  journal   = {American Journal of Sociology},
  year      = {1973},
  volume    = {78},
  number    = {6},
  pages     = {1360â€“1380},
  booktitle = {American Journal of Sociology},
}

@Comment{jabref-meta: databaseType:bibtex;}
